@inproceedings{GenImage,
  title={GenImage: A Million-Scale Benchmark for Detecting AI-Generated Image},
  author={Mingjian Zhu, Hanting Chen, Qiangyu Yan, Xudong Huang, Guanyu Lin, Wei Li, Zhijun Tu, Hailin Hu, Jie Hu, Yunhe Wang},
  journal={},
  year={2023},
  URL	= {https://proceedings.neurips.cc/paper_files/paper/2023/file/f4d4a021f9051a6c18183b059117e8b5-Paper-Datasets_and_Benchmarks.pdf}
}

@inproceedings{AivsAi,
title	= {AI vs. AI: Can AI Detect AI-Generated Images? },
author	= {Samah S. Baraheem, Tam V. Nguyen},
year	= {2023},
URL	= {https://www.mdpi.com/2313-433X/9/10/199}
}

@inproceedings{ZeroShot,
  author    = {Davide Cozzolino, Giovanni Poggi, Matthias Nie√üner, Luisa Verdoliva},
  title     = {Zero-Shot Detection of AI-Generated Images},
  year      = {2024},
  URL = {https://arxiv.org/abs/2409.15875}
}

@inproceedings{OnlineDetection,
  author    = {David C. Epstein, Ishan Jain, Oliver Wang, Richard Zhang},
  title     = {Online Detection of AI-Generated ImagesOnline Detection of AI-Generated Images  },
  URL = {https://openaccess.thecvf.com/content/ICCV2023W/DFAD/html/Epstein_Online_Detection_of_AI-Generated_Images__ICCVW_2023_paper.html},
  year      = {2023}
}

@inproceedings{CIFAKE,
  author    = {Jordan J. Bird, Ahmad Lotfi},
  title     =  {Image Classification and Explainable Identification of AI-Generated Synthetic Images},
  URL ={https://ieeexplore.ieee.org/abstract/document/10409290},
  year      = {2024}
}